<?xml version="1.0" encoding="UTF-8"?><collection xmlns="http://www.loc.gov/MARC21/slim"><record><leader>00454nam--2200145-i-4500</leader><controlfield tag="001">000002069</controlfield><controlfield tag="002">20161230</controlfield><controlfield tag="005">20161230201024</controlfield><controlfield tag="008">060222s1000------------r-----000-0-eng-d</controlfield><datafield ind1=" " ind2=" " tag="080"><subfield code="a">621.385:536.58</subfield></datafield><datafield ind1=" " ind2=" " tag="100"><subfield code="a">Erofeev, A.V</subfield></datafield><datafield ind1=" " ind2=" " tag="245"><subfield code="a">Aparate electronice pentru reglarea si controlul proceselor termice.traducere din limba rusa.numai pentru documentare</subfield></datafield><datafield ind1=" " ind2=" " tag="260"><subfield code="a">Bucuresti, I.D.T.1955. 192 P.Lito</subfield></datafield><datafield ind1=" " ind2=" " tag="490"><subfield code="a">Minist.Energi.Electrice</subfield></datafield><datafield ind1=" " ind2=" " tag="852"><subfield code="a">4017</subfield></datafield></record></collection>